This file was created with JabRef 2.1 beta 2.
Encoding: GB2312


@ARTICLE{cerberus,
 title={The Cerberus ELF Interface},
 author={mayhem},
 journal={phrack},
 year={2003},
 month=aug
}

@OTHER{silvio,
  title={Unix ELF parasites and virus},
  author={Silvio Cesare},
  url={http://vxheavens.com/lib/vsc01.html},
  year={1998}
}

@TECHREPORT{printme,
  author = {Ang Cui, Michael Costello and Salvatore J. Stolfo},
  title = {When Firmware Modifications Attack: A Case Study of 
Embedded Exploitation},
  institution = {Columbia University},
  year = {2012}
}

@OTHER{simple,
  title={Simple ELF Parasitic UNIX Virus},
  url={http://academicunderground.org/virus/pnlVirus4.html}
}

@conference{prototype,
  author={Dirk Gerrits, Rene Gabriels and Peter Kooijmans},
  title={An ELF virus prototype},
  year={2007},
  month=apr,
  publisher={2WC06 Hackers Hut 2005/2006}
}

@ARTICLE{sharelib,
 title={Shared Library Call Redirection via ELF PLT Infection},
 author={Silvio Cesare},
 journal={phrack},
 year={2000},
 month=may
}

@OTHER{modern,
  title={Modern Day ELF Runtime infection via GOT poisoning},
  author={Ryan O'Neill},
  url={http://vxheavens.com/lib/vrn00.html},
  year={2009}
}

@OTHER{subversive,
  title={Subversive Dynamic Linking to Libraries},
  author={the grugq}
}


@OTHER{ELFsh,
  url={http://www.eresi-project.org/wiki/TheELFsh},
  author={ERESI team}
}

@ARTICLE{disk,
  title={Implementation and Implications of a Stealth Hard-Drive
 Backdoor},
  author={Jonas Zaddach},
  journal={ACSAC '13},
  year={2013}
  
}

@ARTICLE{apple,
  title={Reversing and exploiting an Apple firmware update},
  author={K. Chen},
  publisher={Georgia Insitute of Technology}
}

@misc{vxworks1,
  note={Wind River VxWorks}, 
   url={http://www.windriver.com/products/vxworks.html},
  author={Wind River Inc.}
}

@OTHER{elf1.2,
  title={Tool Interface Standard(TIS)
 Executable and Linking Formate(ELF) Specification},
  edition={1.2},
  year={1995},
  author={TIS Committe}
}

@inbook{heike,
  author={Kris Kaspersky},
  title={黑客反汇编揭秘},
  publisher={电子工业出版社},
  year={2010},
  edition={第二版},  
  pages={216-234}
}

@OTHER{infelf,
  title={Injected Evil (executable files infection)},
  author={Z0mbie},
  url={http://vxheavens.com/lib/vzo08.html},
  year={2004},
  month={feb}
}


